@misc{img:spher,
title = "Spherical {C}oordinates",
author = "Paul Wormer",
year = "2008",
howpublished = "Web",
note = "Image",
url = "http://en.citizendium.org/images/2/2f/Spherical_polar.png" }

@misc{wik:osm,
title = "{OSM} {W}iki",
author = "Open Street Map Foundation",
year = "2013",
howpublished = "Web",
url = "http://wiki.openstreetmap.org/wiki/Main_Page" }

@misc{wik:osrm,
title = "{OSRM} {W}iki",
author = "Dennis Luxen et. al",
year = "2012",
howpublished = "Web",
url = "https://github.com/DennisOSRM/Project-OSRM/wiki" }

@misc{wik:pyroute,
title = "Pyroute {W}iki",
author = "Open Street Map Foundation",
year = "2010",
howpublished = "Web",
url = "http://wiki.openstreetmap.org/wiki/Pyroute" }

@book{sauanal,
title = "Numerical {A}nalysis",
author = "Timothy Sauer",
year = "2011",
publisher = "Pearson Education" }

@misc{wik:sec,
title = "{S}ecant {M}ethod",
author = "Jaredwf and others",
year = "2013",
howpublished = "Web",
url = "http://en.wikipedia.org/wiki/Secant_method" }

@misc{wik:bisect,
title = "{B}isection {M}ethod",
author = "RDBury and Jitse Niesen and others",
year = "2013"
howpublished = "Web",
url = "http://en.wikipedia.org/wiki/Bisection_method" }

@misc{wik:invquad,
title = "Inverse {Q}uadratic {I}nterpolation",
author = "Jitse Niesen and others",
year = "2013",
howpublished = "Web",
url = "http://en.wikipedia.org/wiki/Inverse_quadratic_interpolation" }

@misc{wik:brent,
title = "Brent's {M}ethod",
author = "JRSpriggs and Vpapanik and Jitse Niesen and others",
year = "2013",
howpublished = "Web",
url = "http://en.wikipedia.org/wiki/Brent's_method" }

@misc{wik:dist,
title = "Geographical {D}istance",
author = "Tim Zukas and Cffk and Ac44ck and others",
year = "2013",
howpublished = "Web",
url = "http://en.wikipedia.org/wiki/Geographical_distance" }

@misc{wik:haversin,
title = "Haversine {F}ormula",
author = "Stevenj and others",
year = "2013",
howpublished = "web",
url = "http://en.wikipedia.org/wiki/Haversine_formula" }

@misc{q:degdist,
title = "Distance {B}etween a {D}egree of {L}atitude/{L}ongitude",
author = "Matt Rosenberg",
year = "2013",
howpublished = "web",
url = "http://geography.about.com/library/faq/blqzdistancedegree.htm" }

@misc{wik:nautmil,
title = "Nautical {M}ile",
author = "Joe Kress and Jonathunder and Gerry Ashton and Jameslwoodward and others",
year = "2013",
howpublished = "web",
url = "http://en.wikipedia.org/wiki/Nautical_mile" }

@misc{wik:cones,
title = "Cone",
author = "Jorge Stoff and ClueBot NG and Tetracube and Swift and Ravedave and others",
year = "2013",
howpublished = "web",
url = "http://en.wikipedia.org/wiki/Cone" }

@misc{img:aperture,
title = "Numerical Aperture",
author = "Oleg Alexandrov",
year = "2007",
howpublished = "web",
note = "Image",
url = "http://upload.wikimedia.org/wikipedia/commons/4/4c/Numerical_aperture.svg" }